@ARTICLE{Meszaros2013,
   author = {{M{\'e}sz{\'a}ros}, S. and {Holtzman}, J. and {Garc{\'{\i}}a P{\'e}rez}, A.~E. and 
	{Allende Prieto}, C. and {Schiavon}, R.~P. and {Basu}, S. and 
	{Bizyaev}, D. and {Chaplin}, W.~J. and {Chojnowski}, S.~D. and 
	{Cunha}, K. and {Elsworth}, Y. and {Epstein}, C. and {Frinchaboy}, P.~M. and 
	{Garc{\'{\i}}a}, R.~A. and {Hearty}, F.~R. and {Hekker}, S. and 
	{Johnson}, J.~A. and {Kallinger}, T. and {Koesterke}, L. and 
	{Majewski}, S.~R. and {Martell}, S.~L. and {Nidever}, D. and 
	{Pinsonneault}, M.~H. and {O'Connell}, J. and {Shetrone}, M. and 
	{Smith}, V.~V. and {Wilson}, J.~C. and {Zasowski}, G.},
    title = "{Calibrations of Atmospheric Parameters Obtained from the First Year of SDSS-III APOGEE Observations}",
  journal = {\aj},
archivePrefix = "arXiv",
   eprint = {1308.6617},
 primaryClass = "astro-ph.SR",
 keywords = {stars: abundances, stars: fundamental parameters, surveys },
     year = 2013,
    month = nov,
   volume = 146,
      eid = {133},
    pages = {133},
      doi = {10.1088/0004-6256/146/5/133},
   adsurl = {http://adsabs.harvard.edu/abs/2013AJ....146..133M},
  adsnote = {Provided by the SAO/NASA Astrophysics Data System}
}

@ARTICLE{Schlafly2011,
   author = {{Schlafly}, E.~F. and {Finkbeiner}, D.~P.},
    title = "{Measuring Reddening with Sloan Digital Sky Survey Stellar Spectra and Recalibrating SFD}",
  journal = {\apj},
archivePrefix = "arXiv",
   eprint = {1012.4804},
 primaryClass = "astro-ph.GA",
 keywords = {dust, extinction, Galaxy: stellar content, ISM: clouds},
     year = 2011,
    month = aug,
   volume = 737,
      eid = {103},
    pages = {103},
      doi = {10.1088/0004-637X/737/2/103},
   adsurl = {http://adsabs.harvard.edu/abs/2011ApJ...737..103S},
  adsnote = {Provided by the SAO/NASA Astrophysics Data System}
}



@ARTICLE{bovy2014,
   author = {{Bovy}, J. and {Nidever}, D.~L. and {Rix}, H.-W. and {Girardi}, L. and 
	{Zasowski}, G. and {Chojnowski}, S.~D. and {Holtzman}, J. et. al. },
    title = "{The APOGEE Red-clump Catalog: Precise Distances, Velocities, and High-resolution Elemental Abundances over a Large Area of the Milky Way's Disk}",
  journal = {\apj},
archivePrefix = "arXiv",
   eprint = {1405.1032},
 keywords = {Galaxy: abundances, Galaxy: disk, Galaxy: stellar content, Galaxy: structure, stars: distances, stars: general},
     year = 2014,
    month = aug,
   volume = 790,
      eid = {127},
    pages = {127},
      doi = {10.1088/0004-637X/790/2/127},
   adsurl = {http://adsabs.harvard.edu/abs/2014ApJ...790..127B},
  adsnote = {Provided by the SAO/NASA Astrophysics Data System}
}

@ARTICLE{Jofre2014,
   author = {{Jofr{\'e}}, P. and {Heiter}, U. and {Soubiran}, C. and {Blanco-Cuaresma}, S. and 
	{Worley}, C.~C. and {Pancino}, E. and {Cantat-Gaudin}, et al.},
    title = "{Gaia FGK benchmark stars: Metallicity}",
  journal = {\aap},
archivePrefix = "arXiv",
   eprint = {1309.1099},
 keywords = {standards, techniques: spectroscopic, surveys, stars: fundamental parameters},
     year = 2014,
    month = apr,
   volume = 564,
      eid = {A133},
    pages = {A133},
      doi = {10.1051/0004-6361/201322440},
   adsurl = {http://adsabs.harvard.edu/abs/2014A%26A...564A.133J},
  adsnote = {Provided by the SAO/NASA Astrophysics Data System}
}

@ARTICLE{Sm2014,
   author = {{Smiljanic}, R. and {Korn}, A.~J. and {Bergemann}, M. and {Frasca}, A. and 
	{Magrini}, L. and {Masseron}, T. and {Pancino}, E. and {Ruchti}, G. and 
	{San Roman},et. al.},
    title = "{The Gaia-ESO Survey: The analysis of high-resolution UVES spectra of FGK-type stars}",
  journal = {\aap},
archivePrefix = "arXiv",
   eprint = {1409.0568},
 primaryClass = "astro-ph.SR",
 keywords = {methods: data analysis, surveys, stars: abundances, stars: fundamental parameters, stars: late-type},
     year = 2014,
    month = oct,
   volume = 570,
      eid = {A122},
    pages = {A122},
      doi = {10.1051/0004-6361/201423937},
   adsurl = {http://adsabs.harvard.edu/abs/2014A%26A...570A.122S},
  adsnote = {Provided by the SAO/NASA Astrophysics Data System}
}


@ARTICLE{RB2006,
   author = {{Recio-Blanco}, A. and {Bijaoui}, A. and {de Laverny}, P.},
    title = "{Automated derivation of stellar atmospheric parameters and chemical abundances: the MATISSE algorithm}",
  journal = {\mnras},
   eprint = {astro-ph/0604385},
 keywords = {methods: data analysis: techniques: spectroscopic: stars: abundances: stars: fundamental parameters: Galaxy: stellar content, methods: data analysis, techniques: spectroscopic, stars: abundances, stars: fundamental parameters, Galaxy: stellar content},
     year = 2006,
    month = jul,
   volume = 370,
    pages = {141-150},
      doi = {10.1111/j.1365-2966.2006.10455.x},
   adsurl = {http://adsabs.harvard.edu/abs/2006MNRAS.370..141R},
  adsnote = {Provided by the SAO/NASA Astrophysics Data System}
}

@ARTICLE{gonzalez2009,
   author = {{Gonzalez}, O.~A. and {Zoccali}, M. and {Monaco}, L. and {Hill}, V. and 
	{Cassisi}, S. and {Minniti}, D. and {Renzini}, A. and {Barbuy}, B. and 
	{Ortolani}, S. and {Gomez}, A.},
    title = "{Li-rich red giant branch stars in the Galactic bulge}",
  journal = {\aap},
archivePrefix = "arXiv",
   eprint = {0907.4372},
 primaryClass = "astro-ph.SR",
 keywords = {stars: abundances, stars: late-type, Galaxy: bulge},
     year = 2009,
    month = dec,
   volume = 508,
    pages = {289-295},
      doi = {10.1051/0004-6361/200912469},
   adsurl = {http://adsabs.harvard.edu/abs/2009A%26A...508..289G},
  adsnote = {Provided by the SAO/NASA Astrophysics Data System}
}

@ARTICLE{girardi2000,
   author = {{Girardi}, L. and {Bressan}, A. and {Bertelli}, G. and {Chiosi}, C.
	},
    title = "{Evolutionary tracks and isochrones for low- and intermediate-mass stars: From 0.15 to 7 M_{sun}, and from Z=0.0004 to 0.03}",
  journal = {\aaps},
     year = 2000,
    month = feb,
   volume = 141,
    pages = {371-383},
  adsnote = {Provided by the Smithsonian/NASA Astrophysics Data System}
}

@ARTICLE{barrado2001,
   author = {{Barrado y Navascu{\'e}s}, D. and {Deliyannis}, C.~P. and {Stauffer}, J.~R.
	},
    title = "{WIYN Open Cluster Study. V. Lithium Depletion and Metallicity in G and K Dwarfs of the Open Cluster M35}",
  journal = {\apj},
   eprint = {astro-ph/0011125},
 keywords = {Galaxy: Open Clusters and Associations: Individual: Messier Number: M35, Galaxy: Open Clusters and Associations: Individual: NGC Number: NGC 2168, Stars: Abundances, Stars: Evolution, Stars: Late-Type},
     year = 2001,
    month = mar,
   volume = 549,
    pages = {452-466},
      doi = {10.1086/319045},
   adsurl = {http://adsabs.harvard.edu/abs/2001ApJ...549..452B},
  adsnote = {Provided by the SAO/NASA Astrophysics Data System}
}

@ARTICLE{Ting2012,
   author = {{Ting}, Y.-S. and {Freeman}, K.~C. and {Kobayashi}, C. and {De Silva}, G.~M. and 
	{Bland-Hawthorn}, J.},
    title = "{Principal component analysis on chemical abundances spaces}",
  journal = {\mnras},
archivePrefix = "arXiv",
   eprint = {1112.3207},
 primaryClass = "astro-ph.SR",
 keywords = {methods: data analysis, stars: abundances, stars: AGB and post-AGB, supernovae: general, ISM: abundances, ISM: evolution},
     year = 2012,
    month = apr,
   volume = 421,
    pages = {1231-1255},
      doi = {10.1111/j.1365-2966.2011.20387.x},
   adsurl = {http://adsabs.harvard.edu/abs/2012MNRAS.421.1231T},
  adsnote = {Provided by the SAO/NASA Astrophysics Data System}
}

